%YAML 1.1
%TAG !u! tag:unity3d.com,2011:
--- !u!1 &1502795818306719692
GameObject:
  m_ObjectHideFlags: 0
  m_CorrespondingSourceObject: {fileID: 0}
  m_PrefabInstance: {fileID: 0}
  m_PrefabAsset: {fileID: 0}
  serializedVersion: 6
  m_Component:
  - component: {fileID: 5579891951666037266}
  m_Layer: 0
  m_Name: ToPan
  m_TagString: Untagged
  m_Icon: {fileID: 0}
  m_NavMeshLayer: 0
  m_StaticEditorFlags: 0
  m_IsActive: 1
--- !u!4 &5579891951666037266
Transform:
  m_ObjectHideFlags: 0
  m_CorrespondingSourceObject: {fileID: 0}
  m_PrefabInstance: {fileID: 0}
  m_PrefabAsset: {fileID: 0}
  m_GameObject: {fileID: 1502795818306719692}
  m_LocalRotation: {x: -0, y: -0, z: -0, w: 1}
  m_LocalPosition: {x: 0, y: 6.18, z: 0}
  m_LocalScale: {x: 0.5, y: 0.5, z: 0.5}
  m_Children:
  - {fileID: 6982061782541087680}
  - {fileID: 2134288491029024588}
  m_Father: {fileID: 6983911440449704910}
  m_RootOrder: 1
  m_LocalEulerAnglesHint: {x: 0, y: 0, z: 0}
--- !u!1 &6983911440449704896
GameObject:
  m_ObjectHideFlags: 0
  m_CorrespondingSourceObject: {fileID: 0}
  m_PrefabInstance: {fileID: 0}
  m_PrefabAsset: {fileID: 0}
  serializedVersion: 6
  m_Component:
  - component: {fileID: 6983911440449704910}
  - component: {fileID: 6983911440449704911}
  - component: {fileID: 3872810494042697747}
  - component: {fileID: 7758376730243019766}
  - component: {fileID: 1822712821671186012}
  m_Layer: 0
  m_Name: Tower
  m_TagString: Untagged
  m_Icon: {fileID: 0}
  m_NavMeshLayer: 0
  m_StaticEditorFlags: 0
  m_IsActive: 1
--- !u!4 &6983911440449704910
Transform:
  m_ObjectHideFlags: 0
  m_CorrespondingSourceObject: {fileID: 0}
  m_PrefabInstance: {fileID: 0}
  m_PrefabAsset: {fileID: 0}
  m_GameObject: {fileID: 6983911440449704896}
  m_LocalRotation: {x: 0, y: 0, z: 0, w: 1}
  m_LocalPosition: {x: 0, y: 0, z: 20}
  m_LocalScale: {x: 0.9, y: 0.9, z: 0.9}
  m_Children:
  - {fileID: 6988261767532236593}
  - {fileID: 5579891951666037266}
  m_Father: {fileID: 0}
  m_RootOrder: 0
  m_LocalEulerAnglesHint: {x: 0, y: 0, z: 0}
--- !u!114 &6983911440449704911
MonoBehaviour:
  m_ObjectHideFlags: 0
  m_CorrespondingSourceObject: {fileID: 0}
  m_PrefabInstance: {fileID: 0}
  m_PrefabAsset: {fileID: 0}
  m_GameObject: {fileID: 6983911440449704896}
  m_Enabled: 1
  m_EditorHideFlags: 0
  m_Script: {fileID: 11500000, guid: b9a3e03298749fb4a940faecd2ddc63a, type: 3}
  m_Name: 
  m_EditorClassIdentifier: 
  objectToPan: {fileID: 5579891951666037266}
  atackRange: 40
  explosionFX: {fileID: 162579579518789909, guid: 46daf32445fddd5428780f02a07386f8,
    type: 3}
  hp: 3
  baseBlock: {fileID: 0}
--- !u!54 &3872810494042697747
Rigidbody:
  m_ObjectHideFlags: 0
  m_CorrespondingSourceObject: {fileID: 0}
  m_PrefabInstance: {fileID: 0}
  m_PrefabAsset: {fileID: 0}
  m_GameObject: {fileID: 6983911440449704896}
  serializedVersion: 2
  m_Mass: 1
  m_Drag: 0
  m_AngularDrag: 0.05
  m_UseGravity: 1
  m_IsKinematic: 1
  m_Interpolate: 0
  m_Constraints: 0
  m_CollisionDetection: 0
--- !u!65 &7758376730243019766
BoxCollider:
  m_ObjectHideFlags: 0
  m_CorrespondingSourceObject: {fileID: 0}
  m_PrefabInstance: {fileID: 0}
  m_PrefabAsset: {fileID: 0}
  m_GameObject: {fileID: 6983911440449704896}
  m_Material: {fileID: 0}
  m_IsTrigger: 1
  m_Enabled: 1
  serializedVersion: 2
  m_Size: {x: 1, y: 1, z: 1}
  m_Center: {x: 0, y: 0, z: 0}
--- !u!82 &1822712821671186012
AudioSource:
  m_ObjectHideFlags: 0
  m_CorrespondingSourceObject: {fileID: 0}
  m_PrefabInstance: {fileID: 0}
  m_PrefabAsset: {fileID: 0}
  m_GameObject: {fileID: 6983911440449704896}
  m_Enabled: 1
  serializedVersion: 4
  OutputAudioMixerGroup: {fileID: 0}
  m_audioClip: {fileID: 8300000, guid: d41edd66a69cbb747b3d98e39324b01d, type: 3}
  m_PlayOnAwake: 1
  m_Volume: 1
  m_Pitch: 1
  Loop: 0
  Mute: 0
  Spatialize: 0
  SpatializePostEffects: 0
  Priority: 128
  DopplerLevel: 1
  MinDistance: 1
  MaxDistance: 500
  Pan2D: 0
  rolloffMode: 0
  BypassEffects: 0
  BypassListenerEffects: 0
  BypassReverbZones: 0
  rolloffCustomCurve:
    serializedVersion: 2
    m_Curve:
    - serializedVersion: 3
      time: 0
      value: 1
      inSlope: 0
      outSlope: 0
      tangentMode: 0
      weightedMode: 0
      inWeight: 0.33333334
      outWeight: 0.33333334
    - serializedVersion: 3
      time: 1
      value: 0
      inSlope: 0
      outSlope: 0
      tangentMode: 0
      weightedMode: 0
      inWeight: 0.33333334
      outWeight: 0.33333334
    m_PreInfinity: 2
    m_PostInfinity: 2
    m_RotationOrder: 4
  panLevelCustomCurve:
    serializedVersion: 2
    m_Curve:
    - serializedVersion: 3
      time: 0
      value: 0
      inSlope: 0
      outSlope: 0
      tangentMode: 0
      weightedMode: 0
      inWeight: 0.33333334
      outWeight: 0.33333334
    m_PreInfinity: 2
    m_PostInfinity: 2
    m_RotationOrder: 4
  spreadCustomCurve:
    serializedVersion: 2
    m_Curve:
    - serializedVersion: 3
      time: 0
      value: 0
      inSlope: 0
      outSlope: 0
      tangentMode: 0
      weightedMode: 0
      inWeight: 0.33333334
      outWeight: 0.33333334
    m_PreInfinity: 2
    m_PostInfinity: 2
    m_RotationOrder: 4
  reverbZoneMixCustomCurve:
    serializedVersion: 2
    m_Curve:
    - serializedVersion: 3
      time: 0
      value: 1
      inSlope: 0
      outSlope: 0
      tangentMode: 0
      weightedMode: 0
      inWeight: 0.33333334
      outWeight: 0.33333334
    m_PreInfinity: 2
    m_PostInfinity: 2
    m_RotationOrder: 4
--- !u!1001 &2415076448820829329
PrefabInstance:
  m_ObjectHideFlags: 0
  serializedVersion: 2
  m_Modification:
    m_TransformParent: {fileID: 5579891951666037266}
    m_Modifications:
    - target: {fileID: 1239929209414887371, guid: e649b7aa453eb144e88076cc63529916,
        type: 3}
      propertyPath: m_Materials.Array.data[0]
      value: 
      objectReference: {fileID: 0}
    - target: {fileID: 1585001988155988720, guid: e649b7aa453eb144e88076cc63529916,
        type: 3}
      propertyPath: m_Name
      value: Bullets
      objectReference: {fileID: 0}
    - target: {fileID: 4330940220168852445, guid: e649b7aa453eb144e88076cc63529916,
        type: 3}
      propertyPath: m_LocalPosition.x
      value: 0
      objectReference: {fileID: 0}
    - target: {fileID: 4330940220168852445, guid: e649b7aa453eb144e88076cc63529916,
        type: 3}
      propertyPath: m_LocalPosition.y
      value: 6.57
      objectReference: {fileID: 0}
    - target: {fileID: 4330940220168852445, guid: e649b7aa453eb144e88076cc63529916,
        type: 3}
      propertyPath: m_LocalPosition.z
      value: 7.5
      objectReference: {fileID: 0}
    - target: {fileID: 4330940220168852445, guid: e649b7aa453eb144e88076cc63529916,
        type: 3}
      propertyPath: m_LocalRotation.x
      value: 0
      objectReference: {fileID: 0}
    - target: {fileID: 4330940220168852445, guid: e649b7aa453eb144e88076cc63529916,
        type: 3}
      propertyPath: m_LocalRotation.y
      value: 0
      objectReference: {fileID: 0}
    - target: {fileID: 4330940220168852445, guid: e649b7aa453eb144e88076cc63529916,
        type: 3}
      propertyPath: m_LocalRotation.z
      value: 0
      objectReference: {fileID: 0}
    - target: {fileID: 4330940220168852445, guid: e649b7aa453eb144e88076cc63529916,
        type: 3}
      propertyPath: m_LocalRotation.w
      value: 1
      objectReference: {fileID: 0}
    - target: {fileID: 4330940220168852445, guid: e649b7aa453eb144e88076cc63529916,
        type: 3}
      propertyPath: m_RootOrder
      value: 1
      objectReference: {fileID: 0}
    - target: {fileID: 4330940220168852445, guid: e649b7aa453eb144e88076cc63529916,
        type: 3}
      propertyPath: m_LocalEulerAnglesHint.x
      value: 0
      objectReference: {fileID: 0}
    - target: {fileID: 4330940220168852445, guid: e649b7aa453eb144e88076cc63529916,
        type: 3}
      propertyPath: m_LocalEulerAnglesHint.y
      value: 0
      objectReference: {fileID: 0}
    - target: {fileID: 4330940220168852445, guid: e649b7aa453eb144e88076cc63529916,
        type: 3}
      propertyPath: m_LocalEulerAnglesHint.z
      value: 0
      objectReference: {fileID: 0}
    - target: {fileID: 4330940220168852445, guid: e649b7aa453eb144e88076cc63529916,
        type: 3}
      propertyPath: m_LocalScale.x
      value: 1
      objectReference: {fileID: 0}
    - target: {fileID: 4330940220168852445, guid: e649b7aa453eb144e88076cc63529916,
        type: 3}
      propertyPath: m_LocalScale.y
      value: 1
      objectReference: {fileID: 0}
    - target: {fileID: 4330940220168852445, guid: e649b7aa453eb144e88076cc63529916,
        type: 3}
      propertyPath: m_LocalScale.z
      value: 1
      objectReference: {fileID: 0}
    m_RemovedComponents: []
  m_SourcePrefab: {fileID: 100100000, guid: e649b7aa453eb144e88076cc63529916, type: 3}
--- !u!4 &2134288491029024588 stripped
Transform:
  m_CorrespondingSourceObject: {fileID: 4330940220168852445, guid: e649b7aa453eb144e88076cc63529916,
    type: 3}
  m_PrefabInstance: {fileID: 2415076448820829329}
  m_PrefabAsset: {fileID: 0}
--- !u!1001 &6983911439605172136
PrefabInstance:
  m_ObjectHideFlags: 0
  serializedVersion: 2
  m_Modification:
    m_TransformParent: {fileID: 5579891951666037266}
    m_Modifications:
    - target: {fileID: 1405215511811078, guid: 8238921bafd389b44921fe80cc7f1f9d, type: 3}
      propertyPath: m_Name
      value: Tower_A_Top
      objectReference: {fileID: 0}
    - target: {fileID: 4101459293844584, guid: 8238921bafd389b44921fe80cc7f1f9d, type: 3}
      propertyPath: m_LocalPosition.x
      value: 0
      objectReference: {fileID: 0}
    - target: {fileID: 4101459293844584, guid: 8238921bafd389b44921fe80cc7f1f9d, type: 3}
      propertyPath: m_LocalPosition.y
      value: 0
      objectReference: {fileID: 0}
    - target: {fileID: 4101459293844584, guid: 8238921bafd389b44921fe80cc7f1f9d, type: 3}
      propertyPath: m_LocalPosition.z
      value: 0
      objectReference: {fileID: 0}
    - target: {fileID: 4101459293844584, guid: 8238921bafd389b44921fe80cc7f1f9d, type: 3}
      propertyPath: m_LocalRotation.x
      value: -0
      objectReference: {fileID: 0}
    - target: {fileID: 4101459293844584, guid: 8238921bafd389b44921fe80cc7f1f9d, type: 3}
      propertyPath: m_LocalRotation.y
      value: -0
      objectReference: {fileID: 0}
    - target: {fileID: 4101459293844584, guid: 8238921bafd389b44921fe80cc7f1f9d, type: 3}
      propertyPath: m_LocalRotation.z
      value: -0
      objectReference: {fileID: 0}
    - target: {fileID: 4101459293844584, guid: 8238921bafd389b44921fe80cc7f1f9d, type: 3}
      propertyPath: m_LocalRotation.w
      value: 1
      objectReference: {fileID: 0}
    - target: {fileID: 4101459293844584, guid: 8238921bafd389b44921fe80cc7f1f9d, type: 3}
      propertyPath: m_RootOrder
      value: 0
      objectReference: {fileID: 0}
    - target: {fileID: 4101459293844584, guid: 8238921bafd389b44921fe80cc7f1f9d, type: 3}
      propertyPath: m_LocalEulerAnglesHint.x
      value: 0
      objectReference: {fileID: 0}
    - target: {fileID: 4101459293844584, guid: 8238921bafd389b44921fe80cc7f1f9d, type: 3}
      propertyPath: m_LocalEulerAnglesHint.y
      value: 0
      objectReference: {fileID: 0}
    - target: {fileID: 4101459293844584, guid: 8238921bafd389b44921fe80cc7f1f9d, type: 3}
      propertyPath: m_LocalEulerAnglesHint.z
      value: 0
      objectReference: {fileID: 0}
    - target: {fileID: 4101459293844584, guid: 8238921bafd389b44921fe80cc7f1f9d, type: 3}
      propertyPath: m_LocalScale.x
      value: 1
      objectReference: {fileID: 0}
    - target: {fileID: 4101459293844584, guid: 8238921bafd389b44921fe80cc7f1f9d, type: 3}
      propertyPath: m_LocalScale.y
      value: 1
      objectReference: {fileID: 0}
    - target: {fileID: 4101459293844584, guid: 8238921bafd389b44921fe80cc7f1f9d, type: 3}
      propertyPath: m_LocalScale.z
      value: 1
      objectReference: {fileID: 0}
    m_RemovedComponents: []
  m_SourcePrefab: {fileID: 100100000, guid: 8238921bafd389b44921fe80cc7f1f9d, type: 3}
--- !u!4 &6982061782541087680 stripped
Transform:
  m_CorrespondingSourceObject: {fileID: 4101459293844584, guid: 8238921bafd389b44921fe80cc7f1f9d,
    type: 3}
  m_PrefabInstance: {fileID: 6983911439605172136}
  m_PrefabAsset: {fileID: 0}
--- !u!1001 &6983911440366412943
PrefabInstance:
  m_ObjectHideFlags: 0
  serializedVersion: 2
  m_Modification:
    m_TransformParent: {fileID: 6983911440449704910}
    m_Modifications:
    - target: {fileID: 1186746374734342, guid: 4e889d43572027a409a3dab490438a22, type: 3}
      propertyPath: m_Name
      value: Tower_A_Base
      objectReference: {fileID: 0}
    - target: {fileID: 4676767254080446, guid: 4e889d43572027a409a3dab490438a22, type: 3}
      propertyPath: m_LocalPosition.x
      value: 0
      objectReference: {fileID: 0}
    - target: {fileID: 4676767254080446, guid: 4e889d43572027a409a3dab490438a22, type: 3}
      propertyPath: m_LocalPosition.y
      value: 0
      objectReference: {fileID: 0}
    - target: {fileID: 4676767254080446, guid: 4e889d43572027a409a3dab490438a22, type: 3}
      propertyPath: m_LocalPosition.z
      value: 0
      objectReference: {fileID: 0}
    - target: {fileID: 4676767254080446, guid: 4e889d43572027a409a3dab490438a22, type: 3}
      propertyPath: m_LocalRotation.x
      value: 0
      objectReference: {fileID: 0}
    - target: {fileID: 4676767254080446, guid: 4e889d43572027a409a3dab490438a22, type: 3}
      propertyPath: m_LocalRotation.y
      value: 0
      objectReference: {fileID: 0}
    - target: {fileID: 4676767254080446, guid: 4e889d43572027a409a3dab490438a22, type: 3}
      propertyPath: m_LocalRotation.z
      value: 0
      objectReference: {fileID: 0}
    - target: {fileID: 4676767254080446, guid: 4e889d43572027a409a3dab490438a22, type: 3}
      propertyPath: m_LocalRotation.w
      value: 1
      objectReference: {fileID: 0}
    - target: {fileID: 4676767254080446, guid: 4e889d43572027a409a3dab490438a22, type: 3}
      propertyPath: m_RootOrder
      value: 0
      objectReference: {fileID: 0}
    - target: {fileID: 4676767254080446, guid: 4e889d43572027a409a3dab490438a22, type: 3}
      propertyPath: m_LocalEulerAnglesHint.x
      value: 0
      objectReference: {fileID: 0}
    - target: {fileID: 4676767254080446, guid: 4e889d43572027a409a3dab490438a22, type: 3}
      propertyPath: m_LocalEulerAnglesHint.y
      value: 0
      objectReference: {fileID: 0}
    - target: {fileID: 4676767254080446, guid: 4e889d43572027a409a3dab490438a22, type: 3}
      propertyPath: m_LocalEulerAnglesHint.z
      value: 0
      objectReference: {fileID: 0}
    - target: {fileID: 4676767254080446, guid: 4e889d43572027a409a3dab490438a22, type: 3}
      propertyPath: m_LocalScale.x
      value: 0.5
      objectReference: {fileID: 0}
    - target: {fileID: 4676767254080446, guid: 4e889d43572027a409a3dab490438a22, type: 3}
      propertyPath: m_LocalScale.y
      value: 0.5
      objectReference: {fileID: 0}
    - target: {fileID: 4676767254080446, guid: 4e889d43572027a409a3dab490438a22, type: 3}
      propertyPath: m_LocalScale.z
      value: 0.5
      objectReference: {fileID: 0}
    m_RemovedComponents: []
  m_SourcePrefab: {fileID: 100100000, guid: 4e889d43572027a409a3dab490438a22, type: 3}
--- !u!4 &6988261767532236593 stripped
Transform:
  m_CorrespondingSourceObject: {fileID: 4676767254080446, guid: 4e889d43572027a409a3dab490438a22,
    type: 3}
  m_PrefabInstance: {fileID: 6983911440366412943}
  m_PrefabAsset: {fileID: 0}
